%YAML 1.1
%TAG !u! tag:unity3d.com,2011:
--- !u!29 &1
OcclusionCullingSettings:
  m_ObjectHideFlags: 0
  serializedVersion: 2
  m_OcclusionBakeSettings:
    smallestOccluder: 5
    smallestHole: 0.25
    backfaceThreshold: 100
  m_SceneGUID: 00000000000000000000000000000000
  m_OcclusionCullingData: {fileID: 0}
--- !u!104 &2
RenderSettings:
  m_ObjectHideFlags: 0
  serializedVersion: 10
  m_Fog: 0
  m_FogColor: {r: 0.5, g: 0.5, b: 0.5, a: 1}
  m_FogMode: 3
  m_FogDensity: 0.01
  m_LinearFogStart: 0
  m_LinearFogEnd: 300
  m_AmbientSkyColor: {r: 0.212, g: 0.227, b: 0.259, a: 1}
  m_AmbientEquatorColor: {r: 0.114, g: 0.125, b: 0.133, a: 1}
  m_AmbientGroundColor: {r: 0.047, g: 0.043, b: 0.035, a: 1}
  m_AmbientIntensity: 1
  m_AmbientMode: 0
  m_SubtractiveShadowColor: {r: 0.42, g: 0.478, b: 0.627, a: 1}
  m_SkyboxMaterial: {fileID: 10304, guid: 0000000000000000f000000000000000, type: 0}
  m_HaloStrength: 0.5
  m_FlareStrength: 1
  m_FlareFadeSpeed: 3
  m_HaloTexture: {fileID: 0}
  m_SpotCookie: {fileID: 10001, guid: 0000000000000000e000000000000000, type: 0}
  m_DefaultReflectionMode: 0
  m_DefaultReflectionResolution: 128
  m_ReflectionBounces: 1
  m_ReflectionIntensity: 1
  m_CustomReflection: {fileID: 0}
  m_Sun: {fileID: 0}
  m_IndirectSpecularColor: {r: 0.18028378, g: 0.22571412, b: 0.30692285, a: 1}
  m_UseRadianceAmbientProbe: 0
--- !u!157 &3
LightmapSettings:
  m_ObjectHideFlags: 0
  serializedVersion: 12
  m_GISettings:
    serializedVersion: 2
    m_BounceScale: 1
    m_IndirectOutputScale: 1
    m_AlbedoBoost: 1
    m_EnvironmentLightingMode: 0
    m_EnableBakedLightmaps: 1
    m_EnableRealtimeLightmaps: 0
  m_LightmapEditorSettings:
    serializedVersion: 12
    m_Resolution: 2
    m_BakeResolution: 40
    m_AtlasSize: 1024
    m_AO: 0
    m_AOMaxDistance: 1
    m_CompAOExponent: 1
    m_CompAOExponentDirect: 0
    m_ExtractAmbientOcclusion: 0
    m_Padding: 2
    m_LightmapParameters: {fileID: 0}
    m_LightmapsBakeMode: 1
    m_TextureCompression: 1
    m_ReflectionCompression: 2
    m_MixedBakeMode: 2
    m_BakeBackend: 1
    m_PVRSampling: 1
    m_PVRDirectSampleCount: 32
    m_PVRSampleCount: 512
    m_PVRBounces: 2
    m_PVREnvironmentSampleCount: 256
    m_PVREnvironmentReferencePointCount: 2048
    m_PVRFilteringMode: 1
    m_PVRDenoiserTypeDirect: 1
    m_PVRDenoiserTypeIndirect: 1
    m_PVRDenoiserTypeAO: 1
    m_PVRFilterTypeDirect: 0
    m_PVRFilterTypeIndirect: 0
    m_PVRFilterTypeAO: 0
    m_PVREnvironmentMIS: 1
    m_PVRCulling: 1
    m_PVRFilteringGaussRadiusDirect: 1
    m_PVRFilteringGaussRadiusIndirect: 5
    m_PVRFilteringGaussRadiusAO: 2
    m_PVRFilteringAtrousPositionSigmaDirect: 0.5
    m_PVRFilteringAtrousPositionSigmaIndirect: 2
    m_PVRFilteringAtrousPositionSigmaAO: 1
    m_ExportTrainingData: 0
    m_TrainingDataDestination: TrainingData
    m_LightProbeSampleCountMultiplier: 4
  m_LightingDataAsset: {fileID: 20201, guid: 0000000000000000f000000000000000, type: 0}
  m_LightingSettings: {fileID: 0}
--- !u!196 &4
NavMeshSettings:
  serializedVersion: 2
  m_ObjectHideFlags: 0
  m_BuildSettings:
    serializedVersion: 3
    agentTypeID: 0
    agentRadius: 0.5
    agentHeight: 2
    agentSlope: 45
    agentClimb: 0.4
    ledgeDropHeight: 0
    maxJumpAcrossDistance: 0
    minRegionArea: 2
    manualCellSize: 0
    cellSize: 0.16666667
    manualTileSize: 0
    tileSize: 256
    buildHeightMesh: 0
    maxJobWorkers: 0
    preserveTilesOutsideBounds: 0
    debug:
      m_Flags: 0
  m_NavMeshData: {fileID: 0}
--- !u!1 &108150125
GameObject:
  m_ObjectHideFlags: 0
  m_CorrespondingSourceObject: {fileID: 0}
  m_PrefabInstance: {fileID: 0}
  m_PrefabAsset: {fileID: 0}
  serializedVersion: 6
  m_Component:
  - component: {fileID: 108150128}
  - component: {fileID: 108150127}
  - component: {fileID: 108150126}
  m_Layer: 0
  m_Name: EventSystem
  m_TagString: Untagged
  m_Icon: {fileID: 0}
  m_NavMeshLayer: 0
  m_StaticEditorFlags: 0
  m_IsActive: 1
--- !u!114 &108150126
MonoBehaviour:
  m_ObjectHideFlags: 0
  m_CorrespondingSourceObject: {fileID: 0}
  m_PrefabInstance: {fileID: 0}
  m_PrefabAsset: {fileID: 0}
  m_GameObject: {fileID: 108150125}
  m_Enabled: 1
  m_EditorHideFlags: 0
  m_Script: {fileID: 11500000, guid: 4f231c4fb786f3946a6b90b886c48677, type: 3}
  m_Name: 
  m_EditorClassIdentifier: 
  m_SendPointerHoverToParent: 1
  m_HorizontalAxis: Horizontal
  m_VerticalAxis: Vertical
  m_SubmitButton: Submit
  m_CancelButton: Cancel
  m_InputActionsPerSecond: 10
  m_RepeatDelay: 0.5
  m_ForceModuleActive: 0
--- !u!114 &108150127
MonoBehaviour:
  m_ObjectHideFlags: 0
  m_CorrespondingSourceObject: {fileID: 0}
  m_PrefabInstance: {fileID: 0}
  m_PrefabAsset: {fileID: 0}
  m_GameObject: {fileID: 108150125}
  m_Enabled: 1
  m_EditorHideFlags: 0
  m_Script: {fileID: 11500000, guid: 76c392e42b5098c458856cdf6ecaaaa1, type: 3}
  m_Name: 
  m_EditorClassIdentifier: 
  m_FirstSelected: {fileID: 0}
  m_sendNavigationEvents: 1
  m_DragThreshold: 10
--- !u!4 &108150128
Transform:
  m_ObjectHideFlags: 0
  m_CorrespondingSourceObject: {fileID: 0}
  m_PrefabInstance: {fileID: 0}
  m_PrefabAsset: {fileID: 0}
  m_GameObject: {fileID: 108150125}
  serializedVersion: 2
  m_LocalRotation: {x: 0, y: 0, z: 0, w: 1}
  m_LocalPosition: {x: 0, y: 0, z: 0}
  m_LocalScale: {x: 1, y: 1, z: 1}
  m_ConstrainProportionsScale: 0
  m_Children: []
  m_Father: {fileID: 0}
  m_LocalEulerAnglesHint: {x: 0, y: 0, z: 0}
--- !u!1001 &284055116
PrefabInstance:
  m_ObjectHideFlags: 0
  serializedVersion: 2
  m_Modification:
    serializedVersion: 3
    m_TransformParent: {fileID: 0}
    m_Modifications:
    - target: {fileID: 5378200988145801171, guid: 998323a40386e4c6385172cbf6c37020,
        type: 3}
      propertyPath: m_LocalPosition.x
      value: 2.12
      objectReference: {fileID: 0}
    - target: {fileID: 5378200988145801171, guid: 998323a40386e4c6385172cbf6c37020,
        type: 3}
      propertyPath: m_LocalPosition.y
      value: 3
      objectReference: {fileID: 0}
    - target: {fileID: 5378200988145801171, guid: 998323a40386e4c6385172cbf6c37020,
        type: 3}
      propertyPath: m_LocalPosition.z
      value: 1.44
      objectReference: {fileID: 0}
    - target: {fileID: 5378200988145801171, guid: 998323a40386e4c6385172cbf6c37020,
        type: 3}
      propertyPath: m_LocalRotation.w
      value: 1
      objectReference: {fileID: 0}
    - target: {fileID: 5378200988145801171, guid: 998323a40386e4c6385172cbf6c37020,
        type: 3}
      propertyPath: m_LocalRotation.x
      value: 0
      objectReference: {fileID: 0}
    - target: {fileID: 5378200988145801171, guid: 998323a40386e4c6385172cbf6c37020,
        type: 3}
      propertyPath: m_LocalRotation.y
      value: 0
      objectReference: {fileID: 0}
    - target: {fileID: 5378200988145801171, guid: 998323a40386e4c6385172cbf6c37020,
        type: 3}
      propertyPath: m_LocalRotation.z
      value: 0
      objectReference: {fileID: 0}
    - target: {fileID: 5378200988145801171, guid: 998323a40386e4c6385172cbf6c37020,
        type: 3}
      propertyPath: m_LocalEulerAnglesHint.x
      value: 0
      objectReference: {fileID: 0}
    - target: {fileID: 5378200988145801171, guid: 998323a40386e4c6385172cbf6c37020,
        type: 3}
      propertyPath: m_LocalEulerAnglesHint.y
      value: 0
      objectReference: {fileID: 0}
    - target: {fileID: 5378200988145801171, guid: 998323a40386e4c6385172cbf6c37020,
        type: 3}
      propertyPath: m_LocalEulerAnglesHint.z
      value: 0
      objectReference: {fileID: 0}
    - target: {fileID: 6240787115777165261, guid: 998323a40386e4c6385172cbf6c37020,
        type: 3}
      propertyPath: m_Name
      value: StartSpawner
      objectReference: {fileID: 0}
    m_RemovedComponents: []
    m_RemovedGameObjects: []
    m_AddedGameObjects: []
    m_AddedComponents: []
  m_SourcePrefab: {fileID: 100100000, guid: 998323a40386e4c6385172cbf6c37020, type: 3}
--- !u!1001 &842032110
PrefabInstance:
  m_ObjectHideFlags: 0
  serializedVersion: 2
  m_Modification:
    serializedVersion: 3
    m_TransformParent: {fileID: 0}
    m_Modifications:
    - target: {fileID: 124265174444468902, guid: ab5645295959d0d4c816997a35d4bffb,
        type: 3}
      propertyPath: GlobalObjectIdHash
      value: 3638195529
      objectReference: {fileID: 0}
    - target: {fileID: 532578318812861559, guid: ab5645295959d0d4c816997a35d4bffb,
        type: 3}
      propertyPath: GlobalObjectIdHash
      value: 4288584233
      objectReference: {fileID: 0}
    - target: {fileID: 719908045772727775, guid: ab5645295959d0d4c816997a35d4bffb,
        type: 3}
      propertyPath: m_LocalPosition.x
      value: -22.5
      objectReference: {fileID: 0}
    - target: {fileID: 719908045772727775, guid: ab5645295959d0d4c816997a35d4bffb,
        type: 3}
      propertyPath: m_LocalPosition.y
      value: 0
      objectReference: {fileID: 0}
    - target: {fileID: 719908045772727775, guid: ab5645295959d0d4c816997a35d4bffb,
        type: 3}
      propertyPath: m_LocalPosition.z
      value: -6.4
      objectReference: {fileID: 0}
    - target: {fileID: 719908045772727775, guid: ab5645295959d0d4c816997a35d4bffb,
        type: 3}
      propertyPath: m_LocalRotation.w
      value: 1
      objectReference: {fileID: 0}
    - target: {fileID: 719908045772727775, guid: ab5645295959d0d4c816997a35d4bffb,
        type: 3}
      propertyPath: m_LocalRotation.x
      value: 0
      objectReference: {fileID: 0}
    - target: {fileID: 719908045772727775, guid: ab5645295959d0d4c816997a35d4bffb,
        type: 3}
      propertyPath: m_LocalRotation.y
      value: 0
      objectReference: {fileID: 0}
    - target: {fileID: 719908045772727775, guid: ab5645295959d0d4c816997a35d4bffb,
        type: 3}
      propertyPath: m_LocalRotation.z
      value: 0
      objectReference: {fileID: 0}
    - target: {fileID: 719908045772727775, guid: ab5645295959d0d4c816997a35d4bffb,
        type: 3}
      propertyPath: m_LocalEulerAnglesHint.x
      value: 0
      objectReference: {fileID: 0}
    - target: {fileID: 719908045772727775, guid: ab5645295959d0d4c816997a35d4bffb,
        type: 3}
      propertyPath: m_LocalEulerAnglesHint.y
      value: 0
      objectReference: {fileID: 0}
    - target: {fileID: 719908045772727775, guid: ab5645295959d0d4c816997a35d4bffb,
        type: 3}
      propertyPath: m_LocalEulerAnglesHint.z
      value: 0
      objectReference: {fileID: 0}
    - target: {fileID: 832991467269582984, guid: ab5645295959d0d4c816997a35d4bffb,
        type: 3}
      propertyPath: GlobalObjectIdHash
      value: 2242579574
      objectReference: {fileID: 0}
    - target: {fileID: 1113571382190824270, guid: ab5645295959d0d4c816997a35d4bffb,
        type: 3}
      propertyPath: GlobalObjectIdHash
      value: 3897085378
      objectReference: {fileID: 0}
    - target: {fileID: 2091548080414077395, guid: ab5645295959d0d4c816997a35d4bffb,
        type: 3}
      propertyPath: GlobalObjectIdHash
      value: 309865175
      objectReference: {fileID: 0}
    - target: {fileID: 2688842069399058615, guid: ab5645295959d0d4c816997a35d4bffb,
        type: 3}
      propertyPath: GlobalObjectIdHash
      value: 3648706379
      objectReference: {fileID: 0}
    - target: {fileID: 3276274600702470693, guid: ab5645295959d0d4c816997a35d4bffb,
        type: 3}
      propertyPath: GlobalObjectIdHash
      value: 972635303
      objectReference: {fileID: 0}
    - target: {fileID: 3538207515536307838, guid: ab5645295959d0d4c816997a35d4bffb,
        type: 3}
      propertyPath: GlobalObjectIdHash
      value: 3436789922
      objectReference: {fileID: 0}
    - target: {fileID: 4086644229114954673, guid: ab5645295959d0d4c816997a35d4bffb,
        type: 3}
      propertyPath: GlobalObjectIdHash
      value: 1305383124
      objectReference: {fileID: 0}
    - target: {fileID: 4182219573098754654, guid: ab5645295959d0d4c816997a35d4bffb,
        type: 3}
      propertyPath: GlobalObjectIdHash
      value: 1082011644
      objectReference: {fileID: 0}
    - target: {fileID: 4506583133552407831, guid: ab5645295959d0d4c816997a35d4bffb,
        type: 3}
      propertyPath: GlobalObjectIdHash
      value: 1308551828
      objectReference: {fileID: 0}
    - target: {fileID: 5312860639588195238, guid: ab5645295959d0d4c816997a35d4bffb,
        type: 3}
      propertyPath: GlobalObjectIdHash
      value: 629145937
      objectReference: {fileID: 0}
    - target: {fileID: 5471118426948800050, guid: ab5645295959d0d4c816997a35d4bffb,
        type: 3}
      propertyPath: GlobalObjectIdHash
      value: 832998873
      objectReference: {fileID: 0}
    - target: {fileID: 5676364532992980289, guid: ab5645295959d0d4c816997a35d4bffb,
        type: 3}
      propertyPath: GlobalObjectIdHash
      value: 3779329976
      objectReference: {fileID: 0}
    - target: {fileID: 6186348331556904531, guid: ab5645295959d0d4c816997a35d4bffb,
        type: 3}
      propertyPath: GlobalObjectIdHash
      value: 1331572066
      objectReference: {fileID: 0}
    - target: {fileID: 6208581733320655877, guid: ab5645295959d0d4c816997a35d4bffb,
        type: 3}
      propertyPath: GlobalObjectIdHash
      value: 1736345941
      objectReference: {fileID: 0}
    - target: {fileID: 6490931926979136191, guid: ab5645295959d0d4c816997a35d4bffb,
        type: 3}
      propertyPath: GlobalObjectIdHash
      value: 4245373218
      objectReference: {fileID: 0}
    - target: {fileID: 7149040399424844758, guid: ab5645295959d0d4c816997a35d4bffb,
        type: 3}
      propertyPath: GlobalObjectIdHash
      value: 2835684454
      objectReference: {fileID: 0}
    - target: {fileID: 7493439794663931089, guid: ab5645295959d0d4c816997a35d4bffb,
        type: 3}
      propertyPath: GlobalObjectIdHash
      value: 1926589551
      objectReference: {fileID: 0}
    - target: {fileID: 8875460057702000809, guid: ab5645295959d0d4c816997a35d4bffb,
        type: 3}
      propertyPath: m_Name
      value: Level3Monoprefab
      objectReference: {fileID: 0}
    - target: {fileID: 8951756071555695911, guid: ab5645295959d0d4c816997a35d4bffb,
        type: 3}
      propertyPath: GlobalObjectIdHash
      value: 3599878582
      objectReference: {fileID: 0}
    m_RemovedComponents: []
    m_RemovedGameObjects: []
    m_AddedGameObjects: []
    m_AddedComponents: []
  m_SourcePrefab: {fileID: 100100000, guid: ab5645295959d0d4c816997a35d4bffb, type: 3}
--- !u!1001 &1170165857
PrefabInstance:
  m_ObjectHideFlags: 0
  serializedVersion: 2
  m_Modification:
    serializedVersion: 3
    m_TransformParent: {fileID: 0}
    m_Modifications:
    - target: {fileID: 4431531970671179323, guid: 7a09578c1c4d1f64286f38e0d7af2b0e,
        type: 3}
      propertyPath: m_Name
      value: Ground
      objectReference: {fileID: 0}
    - target: {fileID: 6652711971792264972, guid: 7a09578c1c4d1f64286f38e0d7af2b0e,
        type: 3}
      propertyPath: m_LocalScale.x
      value: 10
      objectReference: {fileID: 0}
    - target: {fileID: 6652711971792264972, guid: 7a09578c1c4d1f64286f38e0d7af2b0e,
        type: 3}
      propertyPath: m_LocalScale.z
      value: 10
      objectReference: {fileID: 0}
    - target: {fileID: 6652711971792264972, guid: 7a09578c1c4d1f64286f38e0d7af2b0e,
        type: 3}
      propertyPath: m_LocalPosition.x
      value: 2.13
      objectReference: {fileID: 0}
    - target: {fileID: 6652711971792264972, guid: 7a09578c1c4d1f64286f38e0d7af2b0e,
        type: 3}
      propertyPath: m_LocalPosition.y
      value: -0.5
      objectReference: {fileID: 0}
    - target: {fileID: 6652711971792264972, guid: 7a09578c1c4d1f64286f38e0d7af2b0e,
        type: 3}
      propertyPath: m_LocalPosition.z
      value: 1.71
      objectReference: {fileID: 0}
    - target: {fileID: 6652711971792264972, guid: 7a09578c1c4d1f64286f38e0d7af2b0e,
        type: 3}
      propertyPath: m_LocalRotation.w
      value: 1
      objectReference: {fileID: 0}
    - target: {fileID: 6652711971792264972, guid: 7a09578c1c4d1f64286f38e0d7af2b0e,
        type: 3}
      propertyPath: m_LocalRotation.x
      value: 0
      objectReference: {fileID: 0}
    - target: {fileID: 6652711971792264972, guid: 7a09578c1c4d1f64286f38e0d7af2b0e,
        type: 3}
      propertyPath: m_LocalRotation.y
      value: 0
      objectReference: {fileID: 0}
    - target: {fileID: 6652711971792264972, guid: 7a09578c1c4d1f64286f38e0d7af2b0e,
        type: 3}
      propertyPath: m_LocalRotation.z
      value: 0
      objectReference: {fileID: 0}
    - target: {fileID: 6652711971792264972, guid: 7a09578c1c4d1f64286f38e0d7af2b0e,
        type: 3}
      propertyPath: m_LocalEulerAnglesHint.x
      value: 0
      objectReference: {fileID: 0}
    - target: {fileID: 6652711971792264972, guid: 7a09578c1c4d1f64286f38e0d7af2b0e,
        type: 3}
      propertyPath: m_LocalEulerAnglesHint.y
      value: 0
      objectReference: {fileID: 0}
    - target: {fileID: 6652711971792264972, guid: 7a09578c1c4d1f64286f38e0d7af2b0e,
        type: 3}
      propertyPath: m_LocalEulerAnglesHint.z
      value: 0
      objectReference: {fileID: 0}
    m_RemovedComponents: []
    m_RemovedGameObjects: []
    m_AddedGameObjects: []
    m_AddedComponents: []
  m_SourcePrefab: {fileID: 100100000, guid: 7a09578c1c4d1f64286f38e0d7af2b0e, type: 3}
--- !u!1001 &1612239377
PrefabInstance:
  m_ObjectHideFlags: 0
  serializedVersion: 2
  m_Modification:
    serializedVersion: 3
    m_TransformParent: {fileID: 0}
    m_Modifications:
    - target: {fileID: 94577926701818750, guid: 196c749ce26fd4478bdf5bcb0b5a5329,
        type: 3}
      propertyPath: m_AnchorMax.y
      value: 0
      objectReference: {fileID: 0}
    - target: {fileID: 1525844931999658632, guid: 196c749ce26fd4478bdf5bcb0b5a5329,
        type: 3}
      propertyPath: m_AnchorMax.y
      value: 0
      objectReference: {fileID: 0}
    - target: {fileID: 5939715867311979418, guid: 196c749ce26fd4478bdf5bcb0b5a5329,
        type: 3}
      propertyPath: m_AnchorMax.y
      value: 0
      objectReference: {fileID: 0}
    - target: {fileID: 6455183011388158110, guid: 196c749ce26fd4478bdf5bcb0b5a5329,
        type: 3}
      propertyPath: m_Name
      value: TeamTriggers
      objectReference: {fileID: 0}
    - target: {fileID: 7630448959942245915, guid: 196c749ce26fd4478bdf5bcb0b5a5329,
        type: 3}
      propertyPath: m_LocalPosition.x
      value: 0
      objectReference: {fileID: 0}
    - target: {fileID: 7630448959942245915, guid: 196c749ce26fd4478bdf5bcb0b5a5329,
        type: 3}
      propertyPath: m_LocalPosition.y
      value: 0
      objectReference: {fileID: 0}
    - target: {fileID: 7630448959942245915, guid: 196c749ce26fd4478bdf5bcb0b5a5329,
        type: 3}
      propertyPath: m_LocalPosition.z
      value: 0
      objectReference: {fileID: 0}
    - target: {fileID: 7630448959942245915, guid: 196c749ce26fd4478bdf5bcb0b5a5329,
        type: 3}
      propertyPath: m_LocalRotation.w
      value: 1
      objectReference: {fileID: 0}
    - target: {fileID: 7630448959942245915, guid: 196c749ce26fd4478bdf5bcb0b5a5329,
        type: 3}
      propertyPath: m_LocalRotation.x
      value: 0
      objectReference: {fileID: 0}
    - target: {fileID: 7630448959942245915, guid: 196c749ce26fd4478bdf5bcb0b5a5329,
        type: 3}
      propertyPath: m_LocalRotation.y
      value: 0
      objectReference: {fileID: 0}
    - target: {fileID: 7630448959942245915, guid: 196c749ce26fd4478bdf5bcb0b5a5329,
        type: 3}
      propertyPath: m_LocalRotation.z
      value: 0
      objectReference: {fileID: 0}
    - target: {fileID: 7630448959942245915, guid: 196c749ce26fd4478bdf5bcb0b5a5329,
        type: 3}
      propertyPath: m_LocalEulerAnglesHint.x
      value: 0
      objectReference: {fileID: 0}
    - target: {fileID: 7630448959942245915, guid: 196c749ce26fd4478bdf5bcb0b5a5329,
        type: 3}
      propertyPath: m_LocalEulerAnglesHint.y
      value: 0
      objectReference: {fileID: 0}
    - target: {fileID: 7630448959942245915, guid: 196c749ce26fd4478bdf5bcb0b5a5329,
        type: 3}
      propertyPath: m_LocalEulerAnglesHint.z
      value: 0
      objectReference: {fileID: 0}
    - target: {fileID: 8939203534887065778, guid: 196c749ce26fd4478bdf5bcb0b5a5329,
        type: 3}
      propertyPath: m_AnchorMax.y
      value: 0
      objectReference: {fileID: 0}
    m_RemovedComponents: []
    m_RemovedGameObjects: []
    m_AddedGameObjects: []
    m_AddedComponents: []
  m_SourcePrefab: {fileID: 100100000, guid: 196c749ce26fd4478bdf5bcb0b5a5329, type: 3}
--- !u!1001 &2108541340
PrefabInstance:
  m_ObjectHideFlags: 0
  serializedVersion: 2
  m_Modification:
    serializedVersion: 3
    m_TransformParent: {fileID: 0}
    m_Modifications:
    - target: {fileID: 2164053383522752197, guid: 5bfbd178c21564aa0b06444718b0c7d7,
        type: 3}
      propertyPath: m_Name
      value: NetworkingLS
      objectReference: {fileID: 0}
    - target: {fileID: 2925141151862864820, guid: 5bfbd178c21564aa0b06444718b0c7d7,
        type: 3}
      propertyPath: m_LocalPosition.x
      value: 0
      objectReference: {fileID: 0}
    - target: {fileID: 2925141151862864820, guid: 5bfbd178c21564aa0b06444718b0c7d7,
        type: 3}
      propertyPath: m_LocalPosition.y
      value: 0
      objectReference: {fileID: 0}
    - target: {fileID: 2925141151862864820, guid: 5bfbd178c21564aa0b06444718b0c7d7,
        type: 3}
      propertyPath: m_LocalPosition.z
      value: 0
      objectReference: {fileID: 0}
    - target: {fileID: 2925141151862864820, guid: 5bfbd178c21564aa0b06444718b0c7d7,
        type: 3}
      propertyPath: m_LocalRotation.w
      value: 1
      objectReference: {fileID: 0}
    - target: {fileID: 2925141151862864820, guid: 5bfbd178c21564aa0b06444718b0c7d7,
        type: 3}
      propertyPath: m_LocalRotation.x
      value: 0
      objectReference: {fileID: 0}
    - target: {fileID: 2925141151862864820, guid: 5bfbd178c21564aa0b06444718b0c7d7,
        type: 3}
      propertyPath: m_LocalRotation.y
      value: 0
      objectReference: {fileID: 0}
    - target: {fileID: 2925141151862864820, guid: 5bfbd178c21564aa0b06444718b0c7d7,
        type: 3}
      propertyPath: m_LocalRotation.z
      value: 0
      objectReference: {fileID: 0}
    - target: {fileID: 2925141151862864820, guid: 5bfbd178c21564aa0b06444718b0c7d7,
        type: 3}
      propertyPath: m_LocalEulerAnglesHint.x
      value: 0
      objectReference: {fileID: 0}
    - target: {fileID: 2925141151862864820, guid: 5bfbd178c21564aa0b06444718b0c7d7,
        type: 3}
      propertyPath: m_LocalEulerAnglesHint.y
      value: 0
      objectReference: {fileID: 0}
    - target: {fileID: 2925141151862864820, guid: 5bfbd178c21564aa0b06444718b0c7d7,
        type: 3}
      propertyPath: m_LocalEulerAnglesHint.z
      value: 0
      objectReference: {fileID: 0}
    m_RemovedComponents: []
    m_RemovedGameObjects: []
    m_AddedGameObjects: []
    m_AddedComponents: []
  m_SourcePrefab: {fileID: 100100000, guid: 5bfbd178c21564aa0b06444718b0c7d7, type: 3}
--- !u!1001 &3242719450368863477
PrefabInstance:
  m_ObjectHideFlags: 0
  serializedVersion: 2
  m_Modification:
    serializedVersion: 3
    m_TransformParent: {fileID: 0}
    m_Modifications:
    - target: {fileID: 2595040490679589840, guid: 86b3ef36081bc49dcaac14329bfb3b86,
        type: 3}
      propertyPath: m_Name
      value: Main Camera
      objectReference: {fileID: 0}
    - target: {fileID: 7978644448207701052, guid: 86b3ef36081bc49dcaac14329bfb3b86,
        type: 3}
      propertyPath: m_LocalPosition.x
      value: 0
      objectReference: {fileID: 0}
    - target: {fileID: 7978644448207701052, guid: 86b3ef36081bc49dcaac14329bfb3b86,
        type: 3}
      propertyPath: m_LocalPosition.y
      value: 12
      objectReference: {fileID: 0}
    - target: {fileID: 7978644448207701052, guid: 86b3ef36081bc49dcaac14329bfb3b86,
        type: 3}
      propertyPath: m_LocalPosition.z
      value: -6
      objectReference: {fileID: 0}
    - target: {fileID: 7978644448207701052, guid: 86b3ef36081bc49dcaac14329bfb3b86,
        type: 3}
      propertyPath: m_LocalRotation.w
      value: 0.85065085
      objectReference: {fileID: 0}
    - target: {fileID: 7978644448207701052, guid: 86b3ef36081bc49dcaac14329bfb3b86,
        type: 3}
      propertyPath: m_LocalRotation.x
      value: 0.52573115
      objectReference: {fileID: 0}
    - target: {fileID: 7978644448207701052, guid: 86b3ef36081bc49dcaac14329bfb3b86,
        type: 3}
      propertyPath: m_LocalRotation.y
      value: 0.00000001463662
      objectReference: {fileID: 0}
    - target: {fileID: 7978644448207701052, guid: 86b3ef36081bc49dcaac14329bfb3b86,
        type: 3}
      propertyPath: m_LocalRotation.z
      value: -0.0000000090459285
      objectReference: {fileID: 0}
    - target: {fileID: 7978644448207701052, guid: 86b3ef36081bc49dcaac14329bfb3b86,
        type: 3}
      propertyPath: m_LocalEulerAnglesHint.x
      value: 0
      objectReference: {fileID: 0}
    - target: {fileID: 7978644448207701052, guid: 86b3ef36081bc49dcaac14329bfb3b86,
        type: 3}
      propertyPath: m_LocalEulerAnglesHint.y
      value: 0
      objectReference: {fileID: 0}
    - target: {fileID: 7978644448207701052, guid: 86b3ef36081bc49dcaac14329bfb3b86,
        type: 3}
      propertyPath: m_LocalEulerAnglesHint.z
      value: 0
      objectReference: {fileID: 0}
    m_RemovedComponents: []
    m_RemovedGameObjects: []
    m_AddedGameObjects: []
    m_AddedComponents: []
  m_SourcePrefab: {fileID: 100100000, guid: 86b3ef36081bc49dcaac14329bfb3b86, type: 3}
--- !u!1001 &7497705397208105467
PrefabInstance:
  m_ObjectHideFlags: 0
  serializedVersion: 2
  m_Modification:
    serializedVersion: 3
    m_TransformParent: {fileID: 0}
    m_Modifications:
    - target: {fileID: 3161040010836363325, guid: 20ca37ae466a343b48044365ae088e91,
        type: 3}
      propertyPath: m_LocalPosition.x
      value: 0
      objectReference: {fileID: 0}
    - target: {fileID: 3161040010836363325, guid: 20ca37ae466a343b48044365ae088e91,
        type: 3}
      propertyPath: m_LocalPosition.y
      value: 0
      objectReference: {fileID: 0}
    - target: {fileID: 3161040010836363325, guid: 20ca37ae466a343b48044365ae088e91,
        type: 3}
      propertyPath: m_LocalPosition.z
      value: 0
      objectReference: {fileID: 0}
    - target: {fileID: 3161040010836363325, guid: 20ca37ae466a343b48044365ae088e91,
        type: 3}
      propertyPath: m_LocalRotation.w
      value: 1
      objectReference: {fileID: 0}
    - target: {fileID: 3161040010836363325, guid: 20ca37ae466a343b48044365ae088e91,
        type: 3}
      propertyPath: m_LocalRotation.x
      value: 0
      objectReference: {fileID: 0}
    - target: {fileID: 3161040010836363325, guid: 20ca37ae466a343b48044365ae088e91,
        type: 3}
      propertyPath: m_LocalRotation.y
      value: 0
      objectReference: {fileID: 0}
    - target: {fileID: 3161040010836363325, guid: 20ca37ae466a343b48044365ae088e91,
        type: 3}
      propertyPath: m_LocalRotation.z
      value: 0
      objectReference: {fileID: 0}
    - target: {fileID: 3161040010836363325, guid: 20ca37ae466a343b48044365ae088e91,
        type: 3}
      propertyPath: m_LocalEulerAnglesHint.x
      value: 0
      objectReference: {fileID: 0}
    - target: {fileID: 3161040010836363325, guid: 20ca37ae466a343b48044365ae088e91,
        type: 3}
      propertyPath: m_LocalEulerAnglesHint.y
      value: 0
      objectReference: {fileID: 0}
    - target: {fileID: 3161040010836363325, guid: 20ca37ae466a343b48044365ae088e91,
        type: 3}
      propertyPath: m_LocalEulerAnglesHint.z
      value: 0
      objectReference: {fileID: 0}
    - target: {fileID: 6003193169645690035, guid: 20ca37ae466a343b48044365ae088e91,
        type: 3}
      propertyPath: m_Name
      value: GameFSM
      objectReference: {fileID: 0}
    - target: {fileID: 8482108984430590359, guid: 20ca37ae466a343b48044365ae088e91,
        type: 3}
      propertyPath: m_AnchorMax.y
      value: 0
      objectReference: {fileID: 0}
    - target: {fileID: 8482108984430590359, guid: 20ca37ae466a343b48044365ae088e91,
        type: 3}
      propertyPath: m_AnchorMin.y
      value: 0
      objectReference: {fileID: 0}
    - target: {fileID: 8482108984430590359, guid: 20ca37ae466a343b48044365ae088e91,
        type: 3}
      propertyPath: m_AnchoredPosition.x
      value: 0
      objectReference: {fileID: 0}
    - target: {fileID: 8482108984430590359, guid: 20ca37ae466a343b48044365ae088e91,
        type: 3}
      propertyPath: m_AnchoredPosition.y
      value: 0
      objectReference: {fileID: 0}
    - target: {fileID: 8705500009595256911, guid: 20ca37ae466a343b48044365ae088e91,
        type: 3}
      propertyPath: GlobalObjectIdHash
      value: 1775356661
      objectReference: {fileID: 0}
    m_RemovedComponents: []
    m_RemovedGameObjects: []
    m_AddedGameObjects: []
    m_AddedComponents: []
  m_SourcePrefab: {fileID: 100100000, guid: 20ca37ae466a343b48044365ae088e91, type: 3}
--- !u!1001 &8179518440204298356
PrefabInstance:
  m_ObjectHideFlags: 0
  serializedVersion: 2
  m_Modification:
    serializedVersion: 3
    m_TransformParent: {fileID: 0}
    m_Modifications:
    - target: {fileID: 4126150170534025011, guid: 0c6c1605cd984484ab9b3fdecfcaddce,
        type: 3}
      propertyPath: m_Name
      value: CoinsSpawnerServiceStarter
      objectReference: {fileID: 0}
    - target: {fileID: 7968403807079092581, guid: 0c6c1605cd984484ab9b3fdecfcaddce,
        type: 3}
      propertyPath: m_LocalPosition.x
      value: 0
      objectReference: {fileID: 0}
    - target: {fileID: 7968403807079092581, guid: 0c6c1605cd984484ab9b3fdecfcaddce,
        type: 3}
      propertyPath: m_LocalPosition.y
      value: 0
      objectReference: {fileID: 0}
    - target: {fileID: 7968403807079092581, guid: 0c6c1605cd984484ab9b3fdecfcaddce,
        type: 3}
      propertyPath: m_LocalPosition.z
      value: 0
      objectReference: {fileID: 0}
    - target: {fileID: 7968403807079092581, guid: 0c6c1605cd984484ab9b3fdecfcaddce,
        type: 3}
      propertyPath: m_LocalRotation.w
      value: 1
      objectReference: {fileID: 0}
    - target: {fileID: 7968403807079092581, guid: 0c6c1605cd984484ab9b3fdecfcaddce,
        type: 3}
      propertyPath: m_LocalRotation.x
      value: 0
      objectReference: {fileID: 0}
    - target: {fileID: 7968403807079092581, guid: 0c6c1605cd984484ab9b3fdecfcaddce,
        type: 3}
      propertyPath: m_LocalRotation.y
      value: 0
      objectReference: {fileID: 0}
    - target: {fileID: 7968403807079092581, guid: 0c6c1605cd984484ab9b3fdecfcaddce,
        type: 3}
      propertyPath: m_LocalRotation.z
      value: 0
      objectReference: {fileID: 0}
    - target: {fileID: 7968403807079092581, guid: 0c6c1605cd984484ab9b3fdecfcaddce,
        type: 3}
      propertyPath: m_LocalEulerAnglesHint.x
      value: 0
      objectReference: {fileID: 0}
    - target: {fileID: 7968403807079092581, guid: 0c6c1605cd984484ab9b3fdecfcaddce,
        type: 3}
      propertyPath: m_LocalEulerAnglesHint.y
      value: 0
      objectReference: {fileID: 0}
    - target: {fileID: 7968403807079092581, guid: 0c6c1605cd984484ab9b3fdecfcaddce,
        type: 3}
      propertyPath: m_LocalEulerAnglesHint.z
      value: 0
      objectReference: {fileID: 0}
    m_RemovedComponents: []
    m_RemovedGameObjects: []
    m_AddedGameObjects: []
    m_AddedComponents: []
  m_SourcePrefab: {fileID: 100100000, guid: 0c6c1605cd984484ab9b3fdecfcaddce, type: 3}
--- !u!1660057539 &9223372036854775807
SceneRoots:
  m_ObjectHideFlags: 0
  m_Roots:
  - {fileID: 2108541340}
  - {fileID: 7497705397208105467}
  - {fileID: 3242719450368863477}
  - {fileID: 108150128}
  - {fileID: 1170165857}
  - {fileID: 8179518440204298356}
  - {fileID: 1612239377}
  - {fileID: 284055116}
  - {fileID: 842032110}
